@BOOK{lamport:1994,
  author =       {Leslie Lamport},
  title =        {\LaTeX: A Document Preparation System},
  publisher =    {Addison-Wesley Professional},
  year =         {1994},
  edition =      {2},
  month =        {Julio}
}
